<record><leader>00000cas a22000007a 4500</leader><controlfield tag="001">11284836</controlfield><controlfield tag="008">841019d18701872ohudn ne      0    0eng d</controlfield><datafield ind1=" " ind2=" " tag="010"><subfield code="a">sn 84028648 </subfield></datafield><datafield ind1=" " ind2=" " tag="040"><subfield code="a">NPY</subfield><subfield code="b">eng</subfield><subfield code="c">NPY</subfield><subfield code="d">NPX</subfield><subfield code="d">ONP</subfield><subfield code="d">OCLCQ</subfield><subfield code="d">DLC</subfield><subfield code="d">OCLCF</subfield></datafield><datafield ind1="1" ind2=" " tag="029"><subfield code="a">AU@</subfield><subfield code="b">000024686618</subfield></datafield><datafield ind1=" " ind2=" " tag="042"><subfield code="a">msc</subfield></datafield><datafield ind1=" " ind2=" " tag="043"><subfield code="a">n-us-oh</subfield></datafield><datafield ind1="0" ind2=" " tag="130"><subfield code="a">Ohio statesman (Columbus, Ohio : 1870)</subfield></datafield><datafield ind1="1" ind2="4" tag="245"><subfield code="a">The Ohio statesman.</subfield></datafield><datafield ind1="1" ind2="3" tag="246"><subfield code="a">Daily Ohio statesman</subfield></datafield><datafield ind1=" " ind2=" " tag="260"><subfield code="a">Columbus, Ohio :</subfield><subfield code="b">Nevins, Medary &amp; Co.,</subfield><subfield code="c">1870-1872.</subfield></datafield><datafield ind1=" " ind2=" " tag="300"><subfield code="a">v.</subfield></datafield><datafield ind1=" " ind2=" " tag="310"><subfield code="a">Daily (except Sun.)</subfield></datafield><datafield ind1="0" ind2=" " tag="362"><subfield code="a">Vol. 38, no. 211 (Mar. 31, 1870)-v. 41, no. 168 (July 20, 1872).</subfield></datafield><datafield ind1=" " ind2=" " tag="500"><subfield code="a">Democratic.</subfield></datafield><datafield ind1=" " ind2=" " tag="580"><subfield code="a">Weekly eds.: Weekly Ohio statesman, 1870-18uu; and: Sunday statesman (Columbus, Ohio), 18uu-1872.</subfield></datafield><datafield ind1=" " ind2="0" tag="651"><subfield code="a">Columbus (Ohio)</subfield><subfield code="v">Newspapers.</subfield></datafield><datafield ind1=" " ind2="0" tag="651"><subfield code="a">Franklin County (Ohio)</subfield><subfield code="v">Newspapers.</subfield></datafield><datafield ind1=" " ind2="7" tag="655"><subfield code="a">Newspapers.</subfield><subfield code="2">fast</subfield><subfield code="0">(OCoLC)fst01423814</subfield></datafield><datafield ind1=" " ind2="7" tag="651"><subfield code="a">Ohio</subfield><subfield code="z">Columbus.</subfield><subfield code="2">fast</subfield><subfield code="0">(OCoLC)fst01205076</subfield></datafield><datafield ind1=" " ind2="7" tag="651"><subfield code="a">Ohio</subfield><subfield code="z">Franklin County.</subfield><subfield code="2">fast</subfield><subfield code="0">(OCoLC)fst01209686</subfield></datafield><datafield ind1=" " ind2=" " tag="752"><subfield code="a">United States</subfield><subfield code="b">Ohio</subfield><subfield code="c">Franklin</subfield><subfield code="d">Columbus.</subfield></datafield><datafield ind1="0" ind2=" " tag="775"><subfield code="t">Tri-weekly Ohio statesman (Columbus, Ohio : 1844)</subfield><subfield code="w">(DLC)sn 84028642</subfield></datafield><datafield ind1="1" ind2=" " tag="775"><subfield code="t">Weekly Ohio statesman</subfield><subfield code="w">(DLC)sn 84028639</subfield></datafield><datafield ind1="1" ind2=" " tag="775"><subfield code="t">Sunday statesman (Columbus, Ohio)</subfield><subfield code="w">(DLC)sn 88077825</subfield></datafield><datafield ind1="0" ind2="0" tag="780"><subfield code="t">Daily Ohio statesman (Columbus, Ohio : 1855)</subfield><subfield code="x">2330-6084</subfield><subfield code="w">(DLC)sn 84028645</subfield><subfield code="w">(OCoLC)11284710</subfield></datafield><datafield ind1="0" ind2="7" tag="785"><subfield code="t">Daily dispatch (Columbus, Ohio)</subfield><subfield code="w">(DLC)sn 85025949</subfield></datafield><datafield ind1="0" ind2="7" tag="785"><subfield code="t">Daily dispatch and daily Ohio statesman (Columbus, Ohio : 1872)</subfield><subfield code="w">(DLC)sn 84028649</subfield></datafield></record>